@inproceedings{rajan2018serverless,
  title={Serverless Architecture-A Revolution in Cloud Computing},
  author={Rajan, R Arokia Paul},
  booktitle={2018 Tenth International Conference on Advanced Computing (ICoAC)},
  pages={88--93},
  year={2018},
  organization={IEEE}
}
